@INPROCEEDINGS{9531905,

  author={Orabutt, Bryan and Chamberlain, Roger D. and Elson, Jonathan and Engel, George and Delaunay, Franck and Sobotka, Lee G.},

  booktitle={2021 IEEE International Midwest Symposium on Circuits and Systems (MWSCAS)},

  title={Design of Mixed-mode Systems for Pulse-shape Discrimination},

  year={2021},

  volume={},

  number={},

  pages={990-994},

  doi={10.1109/MWSCAS47672.2021.9531905}}

